<?xml version="1.0" encoding="UTF-8"?><record xmlns="http://www.loc.gov/MARC21/slim" xmlns:cinclude="http://apache.org/cocoon/include/1.0" xmlns:zs="http://www.loc.gov/zing/srw/">
  <leader>00503nz  a2200145n  4500</leader>
  <controlfield tag="001">nr 94007532 </controlfield>
  <controlfield tag="003">DLC</controlfield>
  <controlfield tag="005">19940330062723.9</controlfield>
  <controlfield tag="008">940304n| acannaab|          |n aaa     c</controlfield>
  <datafield tag="010" ind1=" " ind2=" ">
    <subfield code="a">nr 94007532 </subfield>
  </datafield>
  <datafield tag="040" ind1=" " ind2=" ">
    <subfield code="a">PPL</subfield>
    <subfield code="c">PPL</subfield>
  </datafield>
  <datafield tag="100" ind1="1" ind2="0">
    <subfield code="a">Ives, Charles,</subfield>
    <subfield code="d">1815-1880</subfield>
  </datafield>
  <datafield tag="670" ind1=" " ind2=" ">
    <subfield code="a">The isles of summer; or Nassau and the Bahamas, 1880:</subfield>
    <subfield code="b">t.p. (Charles Ives, M.A., member of the New Haven bar)</subfield>
  </datafield>
  <datafield tag="670" ind1=" " ind2=" ">
    <subfield code="a">RLIN, 3/5/94</subfield>
    <subfield code="b">(hdg: Ives, Charles, 1815-1880; usage: Charles Ives)</subfield>
  </datafield>
  <datafield tag="675" ind1=" " ind2=" ">
    <subfield code="a">Concise DAB;</subfield>
    <subfield code="a">WWasW;</subfield>
    <subfield code="a">Appleton's</subfield>
  </datafield>
</record>